
@Book{latexoreilly,
author = {Christian \textsc{Rolland}},
title = {\LaTeX~par la pratique},
publisher = {Oâ€™Reilly},
year = {1999}
}
@Misc{gnu,
title = {http://www.gnu.org/},
note = {Site officiel du projet GNU}
}